%-------------------------------------------------------------------------------
% File: references.bib
%       Epidemic Broadcast project documentation.
%
% Author: Marco Pinna, Rambod Rahmani, Yuri Mazzuoli
%         Created on 05/12/2020
%-------------------------------------------------------------------------------
@book{hararygraph,
    author    = "Frank Harary",
    title     = "Graph theory",
    year      = "1969",
    publisher = "Addison Wesley",
}
